@article{paper,
author = {Sain, S. R. and Furrer, R. and Cressie, N.},
year = {2011},
month = {},
pages = {150-175},
title = {A SPATIAL ANALYSIS OF MULTIVARIATE OUTPUT FROM REGIONAL CLIMATE MODELS},
volume = {1},
journal = {Annals of Applied Statistics},
doi = {10.1214/10-AOAS369}
}

@article{sain2,
author = {SAIN, S. R. and CRESSIE, N.},
year = {2007},
month = {},
pages = {226-259},
title = {A spatial model for multivariate lattice data},
volume = {140},
journal = {J. Econometrics},
doi = {10.1016/j.jeconom.2006.09.010}
}

@article{bill,
author = {BILLHEIMER, D. and CARDOSO, T. and FREEMAN, E. and GUTTORP, P. and KO, H. and SILKEY, M.},
year = {1997},
month = {},
pages = {95-115},
title = {Natural variability of benthic species composition in the Delaware Bay},
volume = {4},
journal = {Environ. Ecol. Stat.},
doi = {}
}

@article{besag,
author = {Besag, J. E.},
year = {1974},
month = {},
pages = {192-236},
title = {Spatial interaction and the statistical analysis of lattice systems (with discussion)},
volume = {35},
journal = {J. Roy. Statist. Soc. Ser. B},
doi = {}
}

@article{german,
author = {GEMAN, S. and GEMAN, D.},
year = {1984},
month = {},
pages = {721-741},
title = {Stochastic relaxation, Gibbs distributions and the Bayesian restoration of images},
volume = {6},
journal = {IEEE Transactions on Pattern Analysis and Machine Intelligence},
doi = {}
}

@article{gelfand,
author = {GELFAND, A. E. and SMITH, A. F. M.},
year = {1990},
month = {},
pages = {398-409},
title = {Sampling-based approaches to calculating marginal
densities},
volume = {85},
journal = {J. Amer. Statist. Assoc},
doi = {}
}

@article{gelfand2,
author = {GELFAND, A. E. and HILLS, S. E. and RACINE-POON, A. and SMITH, A. F. M.},
year = {1990},
month = {},
pages = {972-985},
title = {Illustration of Bayesian inference in normal data models using Gibbs sampling},
volume = {85},
journal = {J. Amer. Statist. Assoc},
doi = {}
}

@article{metropolis,
author = {METROPOLIS, N. and ROSENBLUTH, A. W. and ROSENBLUTH, M. N. and TELLER, A. H. and TELLER, E.},
year = {1953},
month = {},
pages = {1087-1091},
title = {Equations of state calculations by fast computing machines},
volume = {21},
journal = {Journal of Chemical Physics},
doi = {}
}

@article{hastings,
author = {HASTINGS, W. K.},
year = {1970},
month = {},
pages = {97-109},
title = {Monte Carlo sampling methods using Markov chains and their applications},
volume = {57},
journal = {Biometrika},
doi = {}
}

@article{furrer,
author = {FURRER, R.},
year = {2008},
month = {},
pages = {},
title = {spam: SPArse Matrix. R package version 0.14-1},
volume = {},
journal = {},
doi = {}
}

@article{mardia,
author = {Mardia, K. V},
year = {1988},
month = {},
pages = {265-284},
title = {Multidimensional multivariate Gaussian Markov random fields with applications to image processing},
volume = {24},
journal = {J. Multivariate Anal},
doi = {}
}

@inbook{ModelAccess,
author = {Flato, G. and J. Marotzke and B. Abiodun and P. Braconnot and S.C. Chou and W. Collins and P. Cox and F. Driouech and S. Emori and V. Eyring and C. Forest and P. Gleckler and E. Guilyardi and C. Jakob and V. Kattsov and C. Reason and M. Rummukainen},
year = {2013},
month = {},
pages = {},
title = {Evaluation of Climate Models},
volume = {},
journal = {Climate Change 2013: The Physical Science Basis},
doi = {}
}